<record><leader>00000cas a22000007a 4500</leader><controlfield tag="001">14185109</controlfield><controlfield tag="008">860905d19061958txuwr ne      0    0eng d</controlfield><datafield ind1=" " ind2=" " tag="010"><subfield code="a">sn 86088715 </subfield></datafield><datafield ind1=" " ind2=" " tag="040"><subfield code="a">PPM</subfield><subfield code="b">eng</subfield><subfield code="c">PPM</subfield><subfield code="d">OCLCQ</subfield></datafield><datafield ind1=" " ind2=" " tag="042"><subfield code="a">msc</subfield></datafield><datafield ind1="0" ind2="4" tag="245"><subfield code="a">The El Campo news.</subfield></datafield><datafield ind1=" " ind2=" " tag="260"><subfield code="a">El Campo, Tex. :</subfield><subfield code="b">Edward B. Patrick</subfield></datafield><datafield ind1=" " ind2=" " tag="300"><subfield code="a">v. :</subfield><subfield code="b">ill.</subfield></datafield><datafield ind1="1" ind2=" " tag="362"><subfield code="a">Began in 1902; ceased in Mar. 1958.</subfield></datafield><datafield ind1=" " ind2=" " tag="530"><subfield code="a">Available on microfilm from The Center for American History, University of Texas at Austin.</subfield></datafield><datafield ind1=" " ind2=" " tag="588"><subfield code="a">Description based on: Vol. 2, no. 51 (Jan. 8, 1908).</subfield></datafield><datafield ind1=" " ind2=" " tag="752"><subfield code="a">United States</subfield><subfield code="b">Texas</subfield><subfield code="c">Wharton</subfield><subfield code="d">El Campo.</subfield></datafield><datafield ind1="0" ind2="7" tag="785"><subfield code="t">Campo leader</subfield><subfield code="w">(DLC)sn 88083337</subfield></datafield><datafield ind1="0" ind2="7" tag="785"><subfield code="t">Campo leader-news</subfield><subfield code="w">(DLC)sn 88083364</subfield></datafield></record>